@misc{toyoda,
    title={An intrinsic characterization of five points in a $\mathrm{CAT}(0)$ space},
    author={Tetsu Toyoda},
    year={2019},
    eprint={1907.09074},
    archivePrefix={arXiv},
    primaryClass={math.MG}
}

@misc{alexander-kapovitch-petrunin,
    title={Alexandrov geometry: foundations (preliminary version no. 2)},
    author={Stephanie Alexander and Vitali Kapovitch and Anton Petrunin},
    year={2019},
    eprint={1903.08539},
    archivePrefix={arXiv},
    primaryClass={math.DG}
}

@inproceedings {alexander-kapovitch-petrunin-2011,
    AUTHOR = {Alexander, S. and Kapovitch, V. and Petrunin,  A.},
     TITLE = {Alexandrov meets {K}irszbraun},
 BOOKTITLE = {Proceedings of the {G}\"{o}kova {G}eometry-{T}opology {C}onference
              2010},
     PAGES = {88--109},
 PUBLISHER = {Int. Press, Somerville, MA},
      YEAR = {2011},
   MRCLASS = {53C23},
  MRNUMBER = {2931882},
MRREVIEWER = {Koichi Nagano},
}

@article {lebedeva-petrunin-zolotov,
    AUTHOR = {Lebedeva, N. and Petrunin, A. and Zolotov, V.},
     TITLE = {Bipolar comparison},
   JOURNAL = {Geom. Funct. Anal.},
  FJOURNAL = {Geometric and Functional Analysis},
    VOLUME = {29},
      YEAR = {2019},
    NUMBER = {1},
     PAGES = {258--282},
      ISSN = {1016-443X},
   MRCLASS = {53C23},
  MRNUMBER = {3925110},
MRREVIEWER = {Nan Li},
       DOI = {10.1007/s00039-019-00481-9},
       URL = {https://doi.org/10.1007/s00039-019-00481-9},
}

@article {petrunin-2017,
AUTHOR = {Petrunin, A.},
TITLE = {In search of a five-point Alexandrov type condition},
JOURNAL = {St. Petersburg Math. J.},
VOLUME = {29},
YEAR = {2018},
NUMBER = {1},
PAGES = {223--225},
}
